<?xml version="1.0" encoding="UTF-8"?><collection xmlns="http://www.loc.gov/MARC21/slim"><record><leader>00425nam--2200145-i-4500</leader><controlfield tag="001">000013740</controlfield><controlfield tag="002">20161230</controlfield><controlfield tag="005">20161230201030</controlfield><controlfield tag="008">060222s1000------------r-----000-0-eng-d</controlfield><datafield ind1=" " ind2=" " tag="080"><subfield code="a">538.93(047.3)</subfield></datafield><datafield ind1=" " ind2=" " tag="100"><subfield code="a">Adachi, Mirohiko /S.A.</subfield></datafield><datafield ind1=" " ind2=" " tag="245"><subfield code="a">Discrete variational xa cluster calculation application to transition - metal complex</subfield></datafield><datafield ind1=" " ind2=" " tag="260"><subfield code="a">Tokyi, Institute For Solid State Physics, 1979</subfield></datafield><datafield ind1=" " ind2=" " tag="490"><subfield code="a">968</subfield></datafield><datafield ind1=" " ind2=" " tag="852"><subfield code="a">19409</subfield></datafield></record></collection>